<?xml version="1.0" encoding="UTF-8"?>
  <record xmlns="http://www.loc.gov/MARC21/slim" type="Authority">
    <leader>00000nz  a2200000nc 4500</leader>
    <controlfield tag="001">124126057</controlfield>
    <controlfield tag="003">DE-101</controlfield>
    <controlfield tag="005">20190909082136.0</controlfield>
    <controlfield tag="008">021010n||aznnnaabn           | aaa    |c</controlfield>
    <datafield tag="024" ind1="7" ind2=" ">
      <subfield code="a">124126057</subfield>
      <subfield code="0">http://d-nb.info/gnd/124126057</subfield>
      <subfield code="2">gnd</subfield>
    </datafield>
    <datafield tag="035" ind1=" " ind2=" ">
      <subfield code="a">(DE-101)124126057</subfield>
    </datafield>
    <datafield tag="035" ind1=" " ind2=" ">
      <subfield code="a">(DE-588)124126057</subfield>
    </datafield>
    <datafield tag="035" ind1=" " ind2=" ">
      <subfield code="z">(DE-588)173226019</subfield>
    </datafield>
    <datafield tag="035" ind1=" " ind2=" ">
      <subfield code="z">(DE-588a)173226019</subfield>
      <subfield code="9">v:zg</subfield>
    </datafield>
    <datafield tag="035" ind1=" " ind2=" ">
      <subfield code="z">(DE-588a)124126057</subfield>
      <subfield code="9">v:zg</subfield>
    </datafield>
    <datafield tag="040" ind1=" " ind2=" ">
      <subfield code="a">DE-12</subfield>
      <subfield code="c">DE-12</subfield>
      <subfield code="9">r:DE-12</subfield>
      <subfield code="b">ger</subfield>
      <subfield code="d">0103</subfield>
    </datafield>
    <datafield tag="042" ind1=" " ind2=" ">
      <subfield code="a">gnd1</subfield>
    </datafield>
    <datafield tag="043" ind1=" " ind2=" ">
      <subfield code="c">XA-DE</subfield>
      <subfield code="c">XA-AT</subfield>
    </datafield>
    <datafield tag="075" ind1=" " ind2=" ">
      <subfield code="b">p</subfield>
      <subfield code="2">gndgen</subfield>
    </datafield>
    <datafield tag="075" ind1=" " ind2=" ">
      <subfield code="b">piz</subfield>
      <subfield code="2">gndspec</subfield>
    </datafield>
    <datafield tag="079" ind1=" " ind2=" ">
      <subfield code="a">g</subfield>
      <subfield code="q">a</subfield>
      <subfield code="q">f</subfield>
      <subfield code="q">z</subfield>
      <subfield code="u">k</subfield>
    </datafield>
    <datafield tag="100" ind1="1" ind2=" ">
      <subfield code="a">Bussy-Rabutin, Dorothea Elisabeth &#152;von&#156;</subfield>
      <subfield code="d">1645-1725</subfield>
    </datafield>
    <datafield tag="375" ind1=" " ind2=" ">
      <subfield code="a">2</subfield>
      <subfield code="2">iso5218</subfield>
    </datafield>
    <datafield tag="400" ind1="1" ind2=" ">
      <subfield code="a">Rabutin, Dorothea Elisabeth von Bussy-</subfield>
      <subfield code="d">1645-1725</subfield>
    </datafield>
    <datafield tag="400" ind1="0" ind2=" ">
      <subfield code="a">Dorothea Elisabeth</subfield>
      <subfield code="c">Bussy-Rabutin, Gräfin</subfield>
      <subfield code="d">1645-1725</subfield>
    </datafield>
    <datafield tag="400" ind1="1" ind2=" ">
      <subfield code="a">Bussy-Rabutin, Elisabeth Dorothea &#152;von&#156;</subfield>
      <subfield code="d">1645-1725</subfield>
    </datafield>
    <datafield tag="400" ind1="1" ind2=" ">
      <subfield code="a">Rabutin, Elisabeth Dorothea von Bussy-</subfield>
      <subfield code="d">1645-1725</subfield>
    </datafield>
    <datafield tag="400" ind1="0" ind2=" ">
      <subfield code="a">Elisabeth Dorothea</subfield>
      <subfield code="c">Bussy-Rabutin, Gräfin</subfield>
      <subfield code="d">1645-1725</subfield>
    </datafield>
    <datafield tag="400" ind1="1" ind2=" ">
      <subfield code="a">Zinzendorf, Elisabeth Dorothea &#152;von&#156;</subfield>
      <subfield code="d">1645-1725</subfield>
      <subfield code="4">nafr</subfield>
      <subfield code="4">https://d-nb.info/standards/elementset/gnd#EarlierNameOfThePerson</subfield>
      <subfield code="w">r</subfield>
      <subfield code="i">Frueherer Name</subfield>
      <subfield code="e">Frueherer Name</subfield>
    </datafield>
    <datafield tag="400" ind1="1" ind2=" ">
      <subfield code="a">Sintzendorff, Dorothea Elisabeth &#152;von&#156;</subfield>
      <subfield code="d">1645-1725</subfield>
      <subfield code="4">nafr</subfield>
      <subfield code="4">https://d-nb.info/standards/elementset/gnd#EarlierNameOfThePerson</subfield>
      <subfield code="w">r</subfield>
      <subfield code="i">Frueherer Name</subfield>
      <subfield code="e">Frueherer Name</subfield>
    </datafield>
    <datafield tag="400" ind1="1" ind2=" ">
      <subfield code="a">Sintzendorff, Dorothea Elisabetha &#152;von&#156;</subfield>
      <subfield code="d">1645-1725</subfield>
      <subfield code="4">nafr</subfield>
      <subfield code="4">https://d-nb.info/standards/elementset/gnd#EarlierNameOfThePerson</subfield>
      <subfield code="w">r</subfield>
      <subfield code="i">Frueherer Name</subfield>
      <subfield code="e">Frueherer Name</subfield>
    </datafield>
    <datafield tag="400" ind1="1" ind2=" ">
      <subfield code="a">Sinzendorff, Dorothea Elisabeth &#152;von&#156;</subfield>
      <subfield code="d">1645-1725</subfield>
      <subfield code="4">nafr</subfield>
      <subfield code="4">https://d-nb.info/standards/elementset/gnd#EarlierNameOfThePerson</subfield>
      <subfield code="w">r</subfield>
      <subfield code="i">Frueherer Name</subfield>
      <subfield code="e">Frueherer Name</subfield>
    </datafield>
    <datafield tag="400" ind1="1" ind2=" ">
      <subfield code="a">Sinzendorf, Dorothea Elisabeth &#152;von&#156;</subfield>
      <subfield code="d">1645-1725</subfield>
      <subfield code="4">nafr</subfield>
      <subfield code="4">https://d-nb.info/standards/elementset/gnd#EarlierNameOfThePerson</subfield>
      <subfield code="w">r</subfield>
      <subfield code="i">Frueherer Name</subfield>
      <subfield code="e">Frueherer Name</subfield>
    </datafield>
    <datafield tag="400" ind1="1" ind2=" ">
      <subfield code="a">Sinzendorf, Elisabeth Dorothea &#152;von&#156;</subfield>
      <subfield code="d">1645-1725</subfield>
      <subfield code="4">nafr</subfield>
      <subfield code="4">https://d-nb.info/standards/elementset/gnd#EarlierNameOfThePerson</subfield>
      <subfield code="w">r</subfield>
      <subfield code="i">Frueherer Name</subfield>
      <subfield code="e">Frueherer Name</subfield>
    </datafield>
    <datafield tag="400" ind1="1" ind2=" ">
      <subfield code="a">Zintzendorf, Elisabeth Dorothea &#152;von&#156;</subfield>
      <subfield code="d">1645-1725</subfield>
      <subfield code="4">nafr</subfield>
      <subfield code="4">https://d-nb.info/standards/elementset/gnd#EarlierNameOfThePerson</subfield>
      <subfield code="w">r</subfield>
      <subfield code="i">Frueherer Name</subfield>
      <subfield code="e">Frueherer Name</subfield>
    </datafield>
    <datafield tag="400" ind1="1" ind2=" ">
      <subfield code="a">Sintzendorf, Elisabeth Dorothea &#152;von&#156;</subfield>
      <subfield code="d">1645-1725</subfield>
      <subfield code="4">nafr</subfield>
      <subfield code="4">https://d-nb.info/standards/elementset/gnd#EarlierNameOfThePerson</subfield>
      <subfield code="w">r</subfield>
      <subfield code="i">Frueherer Name</subfield>
      <subfield code="e">Frueherer Name</subfield>
    </datafield>
    <datafield tag="400" ind1="1" ind2=" ">
      <subfield code="a">Sintzendorff, Elisabetha Dorothea &#152;von&#156;</subfield>
      <subfield code="d">1645-1725</subfield>
      <subfield code="4">nafr</subfield>
      <subfield code="4">https://d-nb.info/standards/elementset/gnd#EarlierNameOfThePerson</subfield>
      <subfield code="w">r</subfield>
      <subfield code="i">Frueherer Name</subfield>
      <subfield code="e">Frueherer Name</subfield>
    </datafield>
    <datafield tag="400" ind1="0" ind2=" ">
      <subfield code="a">Dorothea Elisabeth</subfield>
      <subfield code="c">Holstein-Sonderburg-Wiesenburg, Herzogin</subfield>
      <subfield code="d">1645-1725</subfield>
      <subfield code="4">nafr</subfield>
      <subfield code="4">https://d-nb.info/standards/elementset/gnd#EarlierNameOfThePerson</subfield>
      <subfield code="w">r</subfield>
      <subfield code="i">Frueherer Name</subfield>
      <subfield code="e">Frueherer Name</subfield>
    </datafield>
    <datafield tag="400" ind1="1" ind2=" ">
      <subfield code="a">Holstein-Sonderburg-Wiesenburg, Dorothea Elisabeth &#152;von&#156;</subfield>
      <subfield code="d">1645-1725</subfield>
      <subfield code="4">nafr</subfield>
      <subfield code="4">https://d-nb.info/standards/elementset/gnd#EarlierNameOfThePerson</subfield>
      <subfield code="w">r</subfield>
      <subfield code="i">Frueherer Name</subfield>
      <subfield code="e">Frueherer Name</subfield>
    </datafield>
    <datafield tag="400" ind1="1" ind2=" ">
      <subfield code="a">Sonderburg-Wiesenburg, Dorothea Elisabeth von Holstein-</subfield>
      <subfield code="d">1645-1725</subfield>
      <subfield code="4">nafr</subfield>
      <subfield code="4">https://d-nb.info/standards/elementset/gnd#EarlierNameOfThePerson</subfield>
      <subfield code="w">r</subfield>
      <subfield code="i">Frueherer Name</subfield>
      <subfield code="e">Frueherer Name</subfield>
    </datafield>
    <datafield tag="400" ind1="1" ind2=" ">
      <subfield code="a">Wiesenburg, Dorothea Elisabeth von Holstein-Sonderburg-</subfield>
      <subfield code="d">1645-1725</subfield>
      <subfield code="4">nafr</subfield>
      <subfield code="4">https://d-nb.info/standards/elementset/gnd#EarlierNameOfThePerson</subfield>
      <subfield code="w">r</subfield>
      <subfield code="i">Frueherer Name</subfield>
      <subfield code="e">Frueherer Name</subfield>
    </datafield>
    <datafield tag="400" ind1="0" ind2=" ">
      <subfield code="a">Elisabeth Dorothea</subfield>
      <subfield code="c">Holstein-Sonderburg-Wiesenburg, Herzogin</subfield>
      <subfield code="d">1645-1725</subfield>
      <subfield code="4">nafr</subfield>
      <subfield code="4">https://d-nb.info/standards/elementset/gnd#EarlierNameOfThePerson</subfield>
      <subfield code="w">r</subfield>
      <subfield code="i">Frueherer Name</subfield>
      <subfield code="e">Frueherer Name</subfield>
    </datafield>
    <datafield tag="400" ind1="1" ind2=" ">
      <subfield code="a">Holstein-Sonderburg-Wiesenburg, Elisabeth Dorothea &#152;von&#156;</subfield>
      <subfield code="d">1645-1725</subfield>
      <subfield code="4">nafr</subfield>
      <subfield code="4">https://d-nb.info/standards/elementset/gnd#EarlierNameOfThePerson</subfield>
      <subfield code="w">r</subfield>
      <subfield code="i">Frueherer Name</subfield>
      <subfield code="e">Frueherer Name</subfield>
    </datafield>
    <datafield tag="400" ind1="1" ind2=" ">
      <subfield code="a">Sonderburg-Wiesenburg, Elisabeth Dorothea von Holstein-</subfield>
      <subfield code="d">1645-1725</subfield>
      <subfield code="4">nafr</subfield>
      <subfield code="4">https://d-nb.info/standards/elementset/gnd#EarlierNameOfThePerson</subfield>
      <subfield code="w">r</subfield>
      <subfield code="i">Frueherer Name</subfield>
      <subfield code="e">Frueherer Name</subfield>
    </datafield>
    <datafield tag="400" ind1="1" ind2=" ">
      <subfield code="a">Wiesenburg, Elisabeth Dorothea von Holstein-Sonderburg-</subfield>
      <subfield code="d">1645-1725</subfield>
      <subfield code="4">nafr</subfield>
      <subfield code="4">https://d-nb.info/standards/elementset/gnd#EarlierNameOfThePerson</subfield>
      <subfield code="w">r</subfield>
      <subfield code="i">Frueherer Name</subfield>
      <subfield code="e">Frueherer Name</subfield>
    </datafield>
    <datafield tag="500" ind1="1" ind2=" ">
      <subfield code="0">(DE-101)124082963</subfield>
      <subfield code="0">(DE-588)124082963</subfield>
      <subfield code="0">https://d-nb.info/gnd/124082963</subfield>
      <subfield code="a">Sinzendorff, Georg Ludwig &#152;von&#156;</subfield>
      <subfield code="d">1616-1681</subfield>
      <subfield code="4">bezf</subfield>
      <subfield code="4">https://d-nb.info/standards/elementset/gnd#familialRelationship</subfield>
      <subfield code="w">r</subfield>
      <subfield code="i">Beziehung familiaer</subfield>
      <subfield code="e">Beziehung familiaer</subfield>
      <subfield code="9">v:1. Ehemann</subfield>
    </datafield>
    <datafield tag="500" ind1="1" ind2=" ">
      <subfield code="0">(DE-101)1012336506</subfield>
      <subfield code="0">(DE-588)1012336506</subfield>
      <subfield code="0">https://d-nb.info/gnd/1012336506</subfield>
      <subfield code="a">Bussy-Rabutin, Jean Louis &#152;de&#156;</subfield>
      <subfield code="d">1642-1716</subfield>
      <subfield code="4">bezf</subfield>
      <subfield code="4">https://d-nb.info/standards/elementset/gnd#familialRelationship</subfield>
      <subfield code="w">r</subfield>
      <subfield code="i">Beziehung familiaer</subfield>
      <subfield code="e">Beziehung familiaer</subfield>
      <subfield code="9">v:2. Ehemann</subfield>
    </datafield>
    <datafield tag="500" ind1="1" ind2=" ">
      <subfield code="0">(DE-101)142720690</subfield>
      <subfield code="0">(DE-588)142720690</subfield>
      <subfield code="0">https://d-nb.info/gnd/142720690</subfield>
      <subfield code="a">Sinzendorff, Christian Ludwig &#152;von&#156;</subfield>
      <subfield code="d">1669-1687</subfield>
      <subfield code="4">bezf</subfield>
      <subfield code="4">https://d-nb.info/standards/elementset/gnd#familialRelationship</subfield>
      <subfield code="w">r</subfield>
      <subfield code="i">Beziehung familiaer</subfield>
      <subfield code="e">Beziehung familiaer</subfield>
      <subfield code="9">v:Sohn</subfield>
    </datafield>
    <datafield tag="500" ind1="1" ind2=" ">
      <subfield code="0">(DE-101)117416487</subfield>
      <subfield code="0">(DE-588)117416487</subfield>
      <subfield code="0">https://d-nb.info/gnd/117416487</subfield>
      <subfield code="a">Zinzendorf, Philipp Ludwig &#152;von&#156;</subfield>
      <subfield code="d">1671-1742</subfield>
      <subfield code="4">bezf</subfield>
      <subfield code="4">https://d-nb.info/standards/elementset/gnd#familialRelationship</subfield>
      <subfield code="w">r</subfield>
      <subfield code="i">Beziehung familiaer</subfield>
      <subfield code="e">Beziehung familiaer</subfield>
      <subfield code="9">v:Sohn</subfield>
    </datafield>
    <datafield tag="548" ind1=" " ind2=" ">
      <subfield code="a">1645-1725</subfield>
      <subfield code="4">datl</subfield>
      <subfield code="4">https://d-nb.info/standards/elementset/gnd#dateOfBirthAndDeath</subfield>
      <subfield code="w">r</subfield>
      <subfield code="i">Lebensdaten</subfield>
    </datafield>
    <datafield tag="550" ind1=" " ind2=" ">
      <subfield code="0">(DE-101)970412827</subfield>
      <subfield code="0">(DE-588)4770088-9</subfield>
      <subfield code="0">https://d-nb.info/gnd/4770088-9</subfield>
      <subfield code="a">Gräfin</subfield>
      <subfield code="4">berc</subfield>
      <subfield code="4">https://d-nb.info/standards/elementset/gnd#professionOrOccupation</subfield>
      <subfield code="w">r</subfield>
      <subfield code="i">Charakteristischer Beruf</subfield>
    </datafield>
    <datafield tag="667" ind1=" " ind2=" ">
      <subfield code="a">VD-17</subfield>
    </datafield>
    <datafield tag="670" ind1=" " ind2=" ">
      <subfield code="b">Stand: 24.09.2015</subfield>
      <subfield code="u">https://de.wikisource.org/wiki/BLKÖ:Sinzendorf,_Dorothea_Elisabeth</subfield>
    </datafield>
    <datafield tag="670" ind1=" " ind2=" ">
      <subfield code="a">Europ. Stammtafeln</subfield>
    </datafield>
    <datafield tag="672" ind1=" " ind2="0">
      <subfield code="a">Crescentius &lt;Pater&gt;: Trost-Red, Oder Kurtze Erinnerung. - 1665</subfield>
    </datafield>
    <datafield tag="913" ind1=" " ind2=" ">
      <subfield code="S">pnd</subfield>
      <subfield code="i">a</subfield>
      <subfield code="a">Zinzendorf, Elisabeth Dorothea /von</subfield>
      <subfield code="0">(DE-588a)124126057</subfield>
    </datafield>
    <datafield tag="913" ind1=" " ind2=" ">
      <subfield code="S">pnd</subfield>
      <subfield code="i">a</subfield>
      <subfield code="a">Rabutin, Dorothea Elisabeth /von</subfield>
      <subfield code="0">(DE-588a)173226019</subfield>
    </datafield>
  </record>
